@book{Adams:1982,
	year = {1982},
	author = {Douglas Noel Adams},
	publisher = {Pan},
	title = {The Hitch-hiker's Guide to the Galaxy}
}

@inproceedings{Bloggs:1994,
	booktitle =  ieeepicassp,
	year = {1994},
	title = {Should we do something?},
	author = {Charles Bloggs},
	address = {Melbourne, Australia},
	month = {7--10 May},
	pages = {1216--1219}
}

@inproceedings{Doe:2003,
	booktitle =  IeeepICME # {2003)},
	title = {Not really},
	month = {30 July -- 2 August},
	address = {New York, USA},
	volume = {3},
	pages = {1349--1352},
	year = {2003},
	author = {John Doe and Jane Doe}
}

@inproceedings{Somebody:2001,
	booktitle = {Proceedings of the Seventh Relaxation Therapy Conference},
	year = {2001},
	title = {Is sleep good for you?},
	author = {Alan Somebody and His Friend and Somebody Else},
	month = {10--17 January},
	address = {Hamilton Island},
	pages = {159--168}
}

@Misc{GIMP,
        author={P. Mattis and S. Kimball},
        title={The {GIMP}: {The} {GNU Image Manipulation Program}},
        year={2002},
        Note={\\{URL}:\hspace{2mm}\url{http://www.gimp.org}},
}
