@string{Acmcikm      = "Proceedings of the International Conference on Information and Knowledge Management"}
@string{Acmc		 = "Communications of the {ACM}"}
@string{Acmmm		 = "Proceedings of the {ACM} International Conference on Multimedia"}
@string{Acmsigir	 = "Proceedings of the {ACM-SIGIR} International Conference on Research and Development in Information Retrieval"}
@string{Acmsigmod	 = "Proceedings of the {ACM-SIGMOD} International Conference on Management of Data"}
@string{Acmtrandbsys = "{ACM} Transactions on Database Systems"}
@string{Icirma		 = "Proceedings of the International Conference of the Information Resources Management Association"}
@string{Ieeecga		 = "{IEEE} Computer Graphics \& Applications"}
@string{Ieeecomp	 = "{IEEE} Computer"}
@string{Ieeecstcde	 = "Bulletin of the {IEEE} Computer Society Technical Committee on Data Engineering"}
@string{Ieeeicde	 = "Proceedings of the {IEEE} International Conference on Data Engineering ({ICDE})"}
@string{Ieeeproc	 = "Proceedings of the {IEEE}"}
@string{Ieeepicassp	 = "Proceedings of the {IEEE} International Conference on Acoustics, Speach, and Signal Processing {ICASSP}"}
@string{IeeepICME	 = "Proceedings of the {IEEE} International Conference on Multimedia and Expo ({ICME}"}
@string{Ieeetc		 = "{IEEE} Transactions on Computers"}
@string{Ieeetcsvt	 = "{IEEE} Transactions on Circuits and Systems for Video Technology"}
@string{Ieeetip		 = "{IEEE} Transactions on Image Processing"}
@string{Ieeetkde	 = "{IEEE} Transactions on Knowledge and Data Engineering"}
@string{Ieeetpami	 = "{IEEE} Transactions on Pattern Analysis and Machine Intelligence"}
@string{Ieeetse		 = "{IEEE} Transactions on Software Engineering"}
@string{Ieeetsmc	 = "{IEEE} Transactions on Systems, Man, and Cybernetics"}
@string{InfoProcMan  = "Information Processing \& Management"}
@string{Jasis        = "Journal of the {American} Society for Information Science"}
@string{Jasist       = "Journal of the {American} Society for Information Science and Technology"}
@string{JVCIR        = "Journal of Visual Communication and Image Representation"}
@string{Methenz      = "Methods in Enzymology" }
@string{Spie     	 = "Proceedings of the {SPIE}"}
@string{Spie_Ii  	 = Spie # "; Internet Imaging"}
@string{Spie_Isrs	 = Spie # "; Image Storage and Retrieval Systems"}
@string{Spie_Srivd	 = Spie # "; Storage and Retrieval for Still Image and Video Databases"}
@string{Spie_Srmd	 = Spie # "; Storage and Retrieval for Media Databases"}
@string{Spie_MSAS	 = Spie # "; Multimedia Storage and Archiving Systems"}
@string{Spie_HVEI    = Spie # "; Human Vision and Electronic Imaging"}
@string{Springer_Lncs = "Lecture Notes in Computer Science"}
@string{Springer_Ms   = "Multimedia Systems"}
@string{Trec10		 = "{{NIST} Special Publication 500-250: Proceedings of the Tenth Text REtrieval Conference ({TREC} 2001)}"}
@string{Trec11		 = "{{NIST} Special Publication 500-251: Proceedings of the Eleventh Text REtrieval Conference ({TREC} 2002)}"}
@string{Trecvid2003	 = "Proceedings of the TRECVID 2003 Workshop"}
@string{Trecvid2004	 = "Proceedings of the TRECVID 2004 Workshop"}
@string{Visualis97	 = "Proceedings of the Second International Conference on Visual Information Systems ({VISUAL}'97)"}
@string{Visualis99	 = "Proceedings of the Third International Conference on Visual Information and Information Systems ({VISUAL}'99)"}

@string{Kluwer_Mta   = "{Multimedia Tools and Applications}"}
@string{Pacademic    = "{Academic Press, San Diego, California, USA}"}
@string{Pacmpress    = "ACM Press, New York, USA"}
@string{Pawesley     = "{Addison Wesley}"}
@string{Pawesleyw    = "{Addison Wesley, Wokingham, UK}"}
@string{Pelsevier    = "{Elsevier Science Publishers}"}
@string{Pkluwer      = "{Kluwer Academic Publishers}"}
@string{Pmacmillan   = "{The Macmillan Press Ltd., New York, USA}"}
@string{Pmcgraw      = "{The McGraw-Hill Book Company, New York, USA}"}
@string{Pmorgank     = "{Morgan Kaufmann Publishers Inc.}"}
@string{Pphall       = "{Prentice Hall}"}
@string{Pspringer    = "Springer, Heidelberg, Germany"}
@string{Pspringerv   = "Springer-Verlag"}
@string{Pwileyc      = "{John Wiley \& Sons, Inc., Chichester, West Sussex, England}"}
@string{Pwiley       = "{John Wiley \& Sons, Inc.}"}
@string{Pieeecs      = "{{IEEE} Computer Society Press}"}
@string{Pieee        = "{{IEEE}}"}

@string{Ieeeicmcs	 = "Proceedings of the {IEEE} International Conference on Multimedia Computing and Systems ({ICMCS}'" }
@string{Ieeeicip	 = "Proceedings of the {IEEE} International Conference on Image Processing ({ICIP}'"}
@string{Ieeecvpr	 = "Proceedings of the {IEEE} Computer Vision and Pattern Recognition Conference ({CVPR}'" }
@string{Ieeewcbaivl	 = "Proceedings of the {IEEE} Workshop on Content-Based Access of Image and Video Libraries ({CBAIVL}'"}
@string{Ieeewcbaivd	 = "Proceedings of the {IEEE} Workshop on Content-Based Access of Image and Video Databases ({CAIVD}'"}
@string{Acmsiggraph	 = "Proceedings of the {ACM-SIGMOD} International Conference on Computer Graphics and Interactive Techniques ({SIGGRAPH}'"}
@string{vldb		 = "Proceedings of the International Conference on Very Large Data Bases ({VLDB}"}

string{Pacmspringer = "ACM/Springer" }
